% This file was created with JabRef 2.9.2.
% Encoding: UTF-8

% Sekundärquellen

@BOOK{Culler1997,
  title = {Literary Theory},
  publisher = {Oxford University Press},
  year = {1997},
  author = {Culler, Jonathan},
  address = {Oxford},
  keywords = {Sekundaerquelle},
  owner = {herb},
  subtitle = {A Very Short Introduction},
  timestamp = {2014.02.13}
}

@BOOK{Baugh2002,
  title = {A History of the English Language},
  publisher = {Routledge},
  year = {2002},
  author = {Baugh, Albert C. and Thomas Cable},
  address = {London},
  edition = {$5^{th}$ ed.},
  keywords = {Sekundaerquelle},
  owner = {herb},
  timestamp = {2014.02.13}
}

@BOOK{Schabert2000,
  title = {Shakespeare-Handbuch},
  publisher = {Kröner},
  year = {2000},
  editor = {Schabert, Ina},
  address = {Stuttgart},
  edition = {$4^{th}$ ed.},
  keywords = {Sekundaerquelle},
  owner = {herb},
  subtitle = {Die Zeit – Der Mensch – Das Werk – Die Nachwelt},
  timestamp = {2014.02.13}
}

@BOOK{Crenshaw1995,
  title = {Critical Race Theory: The Key Writings that Formed the Movement},
  publisher = {New Press},
  year = {1995},
  editor = {Crenshaw, Kimberle and Gotanda, Neil and Peller, Gary and Kendall,
	Thomas},
  address = {New York},
  keywords = {Sekundaerquelle},
  owner = {herb},
  timestamp = {2014.02.13}
}

@BOOK{Huehn1995,
  title = {Geschichte der englischen Lyrik},
  publisher = {Francke},
  year = {1995},
  author = {Hühn, Peter},
  address = {T\"ubingen},
  volumes = {2},
  keywords = {Sekundaerquelle},
  owner = {herb},
  timestamp = {2014.02.13}
}

@INCOLLECTION{Kastovsky1992,
  author = {Kastovsky, Dieter},
  title = {Semantics and Vocabulary},
  booktitle = {The Cambridge History of the English Language. Volume 1: The Beginnings
	to 1066},
  publisher = {Cambridge University Press},
  year = {1992},
  editor = {Hogg, Richard M.},
  volume = {{1}},
  pages = {290-470},
  address = {Cambridge},
  keywords = {Sekundaerquelle},
  owner = {herb},
  timestamp = {2014.02.13}
}

@ARTICLE{Wimsatt1959,
  author = {Wimsatt, W. K. and Beardsley, Monroe C.},
  title = {The Concept of Meter: An Exercise in Abstraction},
  journal = {PMLA},
  year = {1959},
  volume = {74},
  pages = {585-598},
  keywords = {Sekundaerquelle},
  owner = {herb},
  timestamp = {2014.02.25}
}

@ARTICLE{Jones1989,
  author = {Jones, Mick},
  title = {My Life with the Jones},
  entrysubtype = {magazine},
  journal = {Time},
  date = {1989-11-14},
  volume = {Nov. 14},
  pages = {1-20},
  keywords = {Sekundaerquelle},
  owner = {herb},
  timestamp = {2014.02.25}
}

@ONLINE{Willey2003,
  author = {Willey, David},
%  month = {Oct. 14},
%  year = {2003},
  date = {2003-10-14},
  title = {Italy Gets Globe Theatre Replica},
  organization = {BBC News},
%  note = {accessed July 7, 2006},
  urldate = {2006-07-07},
  url = {http://news.bbc.co.uk/2/hi/europe/3190268.stm},
  keywords = {Sekundaerquelle},
  owner = {herb},
  timestamp = {2014.02.13}
}

% Primärquellen

@BOOK{Banville2005,
  title = {The Sea},
  publisher = {Picador},
  year = {2005},
  author = {Banville, John},
  address = {London},
  keywords = {Primaerquelle}
}

@BOOK{Austen1813,
  title = {Pride and Prejudice},
  editor = {Trevor, Wiliam},
  publisher = {Oxford University Press},
%  origyear = {1813},
  year = {[1813] 1999},
  author = {Austen, Jane},
  address = {Oxford},
  keywords = {Primaerquelle}
}

@BOOK{Wrenn1996,
%  author = {Anonymous},
  authortype = {anon},
  title = {Beowulf},
  publisher = {University of Exeter Press},
  year = {1996},
  editor = {Wrenn, C. L. and Bolton, W. F.},
  address = {Exeter},
  edition = {5th},
  keywords = {Primaerquelle},
  subtitle = {With the Finnesburg Fragment},
  options = {useauthor=false, useeditor = false}
}

@INBOOK{McEwan1975,
  author = {McEwan, Ian},
  title = {Conversation with a Cupboard Man},
  booktitle = {First Love, Last Rites},
  publisher = {Anchor},
%  origyear = {1975},
  year = {[1975] 2003},
  pages = {97-114},
  address = {New York},
  keywords = {Primaerquelle}
}

@INCOLLECTION{Eliot2000,
  author = {Eliot, T. S.},
  title = {Journey of the Magi},
  booktitle = {The Norton Anthology of English Literature},
  publisher = {Norton},
%  origyear = {1927},
  year = {[1927] 2000},
  editor = {{Abrams, M. H. et. al.}},
  volume = {{2}},
  pages = {2386-2387},
  address = {New York},
  keywords = {Primaerquelle},
  owner = {herb},
  timestamp = {2014.02.13}
}

@BOOK{Shakespeare1985,
  title = {Hamlet},
  publisher = {Cambridge University Press},
%  origyear = {ca. 1601},
  year = {[ca. 1601] 1985},
  editor = {Edwards, Philip},
  author = {Shakespeare, William},
  address = {Camebridge},
  keywords = {Primaerquelle},
  owner = {herb},
  subtitle = {Prince of Denmark},
  timestamp = {2014.02.13}
}

@VIDEO{Coppola1992,
%  editortype = {director},
%  editor = {Coppola, Francis Ford},
  keywords = {Primaerquelle},
  note = {Dir.: Francis Forc Coppola. With Gary Oldman, Sir Anthony Hopkins and Winona Ryder},
  owner = {herb},
  publisher = {Columbia Tristar Home Video},
  timestamp = {2014.02.13},
  title = {Bram Stoker's Dracula},
  year = {1992},
  type = {DVD}
}